@article{thompson,
title = {An Empirical Evaluation of Thompson Sampling},
author = {Olivier Chapelle and Li, Lihong},
booktitle = {Advances in Neural Information Processing Systems 24},
editor = {J. Shawe-Taylor and R. S. Zemel and P. L. Bartlett and F. Pereira and K. Q. Weinberger},
pages = {2249--2257},
year = {2011},
publisher = {Curran Associates, Inc.},
url = {http://papers.nips.cc/paper/4321-an-empirical-evaluation-of-thompson-sampling.pdf}
}

@article{book,
	author    = {Aleksandrs Slivkins},
	title     = {Introduction to Multi-Armed Bandits},
	journal   = {CoRR},
	volume    = {abs/1904.07272},
	year      = {2019},
	url       = {http://arxiv.org/abs/1904.07272},
	archivePrefix = {arXiv},
	eprint    = {1904.07272},
	timestamp = {Thu, 25 Apr 2019 13:55:01 +0200},
	biburl    = {https://dblp.org/rec/bib/journals/corr/abs-1904-07272},
	bibsource = {dblp computer science bibliography, https://dblp.org}
}